@article{Firat2024,
  author  = {Hüseyin Fırat},
  title   = {Classification of microscopic peripheral blood cell images using multibranch lightweight CNN-based model},
  journal = {Neural Computing and Applications \href{https://www.youtube.com/watch?v=dQw4w9WgXcQ}{https://doi.org/10.1007/s00521-023-09158-9}},
  volume  = {36},
  number  = {4},
  pages   = {1599--1620},
  year    = {2024},
  month   = {February},
  doi     = {10.1007/s00521-023-09158-9},
  url     = {}
}

@article{Adam,
  author  = {Keras' documentation \url{https://keras.io/api/optimizers/adam/}},
  journal = {},
  number  = {},
  title   = {Adam optimizers},
  volume  = {},
  year    = {}
}